<record xmlns="http://www.openarchives.org/OAI/2.0/" xmlns:xsi="http://www.w3.org/2001/XMLSchema-instance"><header><identifier>oai:alma.34CSIC_INST:990012275660204201</identifier><datestamp>2020-02-06T08:41:03Z</datestamp><setSpec>manuscripta</setSpec></header><metadata><record xmlns="http://www.loc.gov/MARC21/slim" xmlns:xsi="http://www.w3.org/2001/XMLSchema-instance" xsi:schemaLocation="http://www.loc.gov/MARC21/slim http://www.loc.gov/standards/marcxml/schema/MARC21slim.xsd"><leader>05201ntm a2200577 i 4500</leader><controlfield tag="005">20181031100345.0</controlfield><controlfield tag="008">100331q1500    sp            000 0 ara d</controlfield><controlfield tag="001">990012275660204201</controlfield><datafield tag="035" ind1=" " ind2=" "><subfield code="a">CSIC001227566</subfield></datafield><datafield tag="035" ind1=" " ind2=" "><subfield code="a">(ES-MaCSI)001227566MAD01-Aleph</subfield></datafield><datafield tag="035" ind1=" " ind2=" "><subfield code="a">(OCoLC)1123848282
</subfield></datafield><datafield tag="040" ind1=" " ind2=" "><subfield code="a">ES-MaCSI</subfield><subfield code="b">spa</subfield></datafield><datafield tag="080" ind1=" " ind2=" "><subfield code="a">091(=411.21)</subfield></datafield><datafield tag="080" ind1=" " ind2=" "><subfield code="a">28-23</subfield></datafield><datafield tag="240" ind1="1" ind2="0"><subfield code="a">Azoras coránicas</subfield></datafield><datafield tag="245" ind1="1" ind2="0"><subfield code="a">Azoras coránicas</subfield><subfield code="h">[Manuscrito]</subfield></datafield><datafield tag="260" ind1=" " ind2=" "><subfield code="a">[S.l.],</subfield><subfield code="c">[S. a., S. XVI].</subfield></datafield><datafield tag="300" ind1=" " ind2=" "><subfield code="a">133 ff., ápodo (Una col., 10, 11 y 14 líneas por pág.) :</subfield><subfield code="b">Papel ;</subfield><subfield code="c">21,7 x 14,5 cms (caja: 15,2 x 9 cms).</subfield></datafield><datafield tag="490" ind1="0" ind2=" "><subfield code="a">Manuscripta</subfield></datafield><datafield tag="500" ind1=" " ind2=" "><subfield code="a">Incipit: (بعد البسملة) كهيعص ذِكْرُ رَحْمَةِ رَبِّكَ عَبْدَهُ زَكَرِيَّا إِذْ نَادَى رَبَّهُ نِدَاءً خَفِيّاً</subfield></datafield><datafield tag="500" ind1=" " ind2=" "><subfield code="a">Explicit: وَمَنْ كَفَرَ فَلا يَحْزُنْكَ كُفْرُهُ إِلَيْنَا مَرْجِعُهُمْ فَنُنَبِّئُهُمْ بِمَا عَمِلُوا إِنَّ اللَّهَ عَلِيمٌ بِذَاتِ الصُّدُورِ</subfield></datafield><datafield tag="500" ind1=" " ind2=" "><subfield code="a">Tinta negra para el ductus y roja para la vocalización hasta el f. 95. Decoraciones también en negro y rojo, y excepcionalmente verde y amarillo.</subfield></datafield><datafield tag="500" ind1=" " ind2=" "><subfield code="a">Copista: Desconocido.</subfield></datafield><datafield tag="500" ind1=" " ind2=" "><subfield code="a">Colofón: No.</subfield></datafield><datafield tag="500" ind1=" " ind2=" "><subfield code="a">Características especiales: Desde el f. 96 al final, texto sin vocalizar.</subfield></datafield><datafield tag="500" ind1=" " ind2=" "><subfield code="a">Ilustración: ‘Unwān inicial con título de la primera azora. Intento de separación de aleyas (una, cinco y diez). Algunas indicaciones laterales de partes de la recitación, en ocasiones motivos circulares.</subfield></datafield><datafield tag="500" ind1=" " ind2=" "><subfield code="a">Ilustraciones: Alguna cenefa simple para completar caja de escritura.</subfield></datafield><datafield tag="500" ind1=" " ind2=" "><subfield code="a">Tipo de cuaderno: Binión, terniones, cuaterniones y hojas sueltas.</subfield></datafield><datafield tag="500" ind1=" " ind2=" "><subfield code="a">Deterioros: Cortes deteriorados. En algunas hojas, rotura debido a acidez de la tinta.</subfield></datafield><datafield tag="500" ind1=" " ind2=" "><subfield code="a">H. en blanco: I-II-1r.</subfield></datafield><datafield tag="500" ind1=" " ind2=" "><subfield code="a">H. dañadas, mutiladas, sueltas: Ff. sueltos: 5, 14-17, 104, . Ff. 21-27 cortados por la mitad longitudinal, por lo que solo queda la parte interior. F. 20 le falta la esquina superior externa.</subfield></datafield><datafield tag="500" ind1=" " ind2=" "><subfield code="a">H. faltan o añadidas: Faltan muchas hojas.</subfield></datafield><datafield tag="500" ind1=" " ind2=" "><subfield code="a">Foliación: 1-133. Moderna, a lápiz, en el margen superior derecho del verso del folio.</subfield></datafield><datafield tag="500" ind1=" " ind2=" "><subfield code="a">Reclamos: En horizontal, en margen inferior del verso del último folio del cuaderno.</subfield></datafield><datafield tag="500" ind1=" " ind2=" "><subfield code="a">Signatura de cuaderno: No.</subfield></datafield><datafield tag="500" ind1=" " ind2=" "><subfield code="a">Pautado: Parecen pautarse a punta seca las líneas de justificación; en ocasiones a lápiz.</subfield></datafield><datafield tag="500" ind1=" " ind2=" "><subfield code="a">Filigrana: Papel verjurado sin filigrana aparente, pero sí parece haber parte de una contramarca alfabética.</subfield></datafield><datafield tag="500" ind1=" " ind2=" "><subfield code="a">Signatura antigua: Junta 34</subfield></datafield><datafield tag="510" ind1="3" ind2=" "><subfield code="a">Descripción: Julián Ribera y Miguel Asín, Manuscritos árabes y aljamiados de la Biblioteca de la Junta, Madrid, Junta para Ampliación de Estudios e Investigaciones Científicas, 1912, p. 133.</subfield></datafield><datafield tag="520" ind1=" " ind2=" "><subfield code="a">Azoras del Corán.</subfield></datafield><datafield tag="530" ind1=" " ind2=" "><subfield code="a">María Pilar Martínez Olmo, Colección de manuscritos árabes y aljamiados de la Biblioteca del Instituto de Filología del CSIC [recurso electrónico]: los manuscritos de la Junta, Madrid, CSIC, 1998, 4 Cd-Rom.</subfield></datafield><datafield tag="541" ind1=" " ind2=" "><subfield code="a">Procedencia: Almonacid de la Sierra.</subfield><subfield code="d">Ingreso: Junio de 1910.</subfield></datafield><datafield tag="546" ind1=" " ind2=" "><subfield code="a">Árabe</subfield><subfield code="b">con escritura magrebí</subfield></datafield><datafield tag="563" ind1=" " ind2=" "><subfield code="a">Inexistente.</subfield></datafield><datafield tag="594" ind1=" " ind2="1"><subfield code="a">Responsabilidad desconocida</subfield></datafield><datafield tag="630" ind1="0" ind2="7"><subfield code="a">Corán.</subfield><subfield code="2">CSICAU</subfield></datafield><datafield tag="650" ind1=" " ind2="7"><subfield code="a">Manuscritos árabes.</subfield><subfield code="2">CSICAU</subfield></datafield><datafield tag="650" ind1=" " ind2="7"><subfield code="a">Manuscritos aljamiados.</subfield><subfield code="2">CSICAU</subfield></datafield><datafield tag="830" ind1=" " ind2="0"><subfield code="a">Manuscripta</subfield></datafield><datafield tag="856" ind1="4" ind2="1"><subfield code="u">http://aleph.csic.es/imagenes/mad01/0006_PMSC/P_001227566_650978_V00.pdf</subfield><subfield code="z">Descargar Pdf completo (13M)</subfield><subfield code="m">CSIC</subfield></datafield><datafield tag="856" ind1="4" ind2="1"><subfield code="u">http://simurg.bibliotecas.csic.es/viewer/image/CSIC001227566/1/</subfield><subfield code="z">Ver texto completo en SIMURG, el portal de fondos digitalizados del CSIC</subfield><subfield code="m">CSIC</subfield></datafield><datafield tag="856" ind1="4" ind2="1"><subfield code="u">http://aleph.csic.es/imagenes/mad01/0006_PMSC/html/001227566.html</subfield><subfield code="z">Ver texto completo en Bookreader</subfield></datafield></record></metadata></record>